%% This BibTeX bibliography file was created using BibDesk.
%% http://bibdesk.sourceforge.net/


%% Created for Rosy Tucker at 2014-04-10 14:22:52 +0100 


%% Saved with string encoding Unicode (UTF-8) 



@misc{mingle,
	Author = {Thoughtworks},
	Date-Added = {2014-04-10 13:21:57 +0000},
	Date-Modified = {2014-04-10 13:22:46 +0000},
	Howpublished = {http://www.thoughtworks.com/products},
	Month = {Febuary},
	Title = {Mingle: Agile Project Management},
	Year = {2014}}

@misc{itunes,
	Author = {Apple},
	Date-Added = {2014-04-09 20:19:39 +0000},
	Date-Modified = {2014-04-09 20:20:04 +0000},
	Howpublished = {https://www.apple.com/itunes/},
	Month = {Febuary},
	Title = {iTunes Store},
	Year = {2014}}

@misc{steam,
	Author = {Valve},
	Date-Added = {2014-04-09 20:15:53 +0000},
	Date-Modified = {2014-04-09 20:16:31 +0000},
	Howpublished = {http://store.steampowered.com},
	Month = {Febuary},
	Title = {Steam Store},
	Year = {2014}}

@misc{googleplay,
	Author = {Google},
	Date-Added = {2014-04-09 20:14:54 +0000},
	Date-Modified = {2014-04-09 20:15:48 +0000},
	Howpublished = {https://play.google.com/store/apps},
	Month = {Febuary},
	Title = {Google Play App Store},
	Year = {2014}}

@misc{colourtool,
	Author = {Bernhard Jenny},
	Date-Added = {2014-04-09 13:43:42 +0000},
	Date-Modified = {2014-04-09 13:44:38 +0000},
	Howpublished = {http://colororacle.org},
	Month = {November},
	Title = {Color Oracle},
	Year = {2013}}

@book{harris,
	Author = {Harris, Peter},
	Date-Added = {2014-04-08 20:33:52 +0000},
	Date-Modified = {2014-04-08 20:33:57 +0000},
	Publisher = {McGraw-Hill International},
	Title = {Designing and reporting experiments in psychology},
	Year = {2008}}

@article{LR,
	Author = {Peng, Chao-Ying Joanne and Lee, Kuk Lida and Ingersoll, Gary M},
	Date-Added = {2014-04-08 11:41:35 +0000},
	Date-Modified = {2014-04-08 11:41:38 +0000},
	Journal = {The Journal of Educational Research},
	Number = {1},
	Pages = {3--14},
	Publisher = {Taylor \& Francis},
	Title = {An introduction to logistic regression analysis and reporting},
	Volume = {96},
	Year = {2002}}

@book{PCA,
	Author = {Jolliffe, Ian},
	Date-Added = {2014-04-07 21:35:43 +0000},
	Date-Modified = {2014-04-07 21:35:47 +0000},
	Publisher = {Wiley Online Library},
	Title = {Principal component analysis},
	Year = {2005}}

@electronic{apple_dev,
	Author = {Apple},
	Date-Added = {2014-03-20 23:11:16 +0000},
	Date-Modified = {2014-04-10 12:17:12 +0000},
	Title = {iOS Dev Center},
	Url = {developer.apple.com},
	Year = {2007}}

@article{ObjC,
	Author = {Mark Dalrymple},
	Date-Added = {2014-03-20 22:57:23 +0000},
	Date-Modified = {2014-04-10 12:19:52 +0000},
	Title = {Learn Objective-C},
	Year = {2009}}

@misc{ipadManual,
	Author = {Apple},
	Date-Added = {2014-03-04 14:39:34 +0000},
	Date-Modified = {2014-03-04 14:41:10 +0000},
	Howpublished = {Online},
	Keywords = {ios apple ipad gestures},
	Month = {October},
	Title = {iPad User Guide (iOS 7)},
	Year = {2013}}

@book{snowlinghandbook,
	Author = {Snowling, Margaret J and Stackhouse, Joy},
	Date-Added = {2014-03-01 21:31:04 +0000},
	Date-Modified = {2014-03-01 21:31:09 +0000},
	Publisher = {John Wiley \& Sons},
	Title = {Dyslexia, speech and language: a practitioner's handbook},
	Year = {2006}}

@article{observer,
	Author = {Eales, Andrew},
	Date-Added = {2014-03-01 19:30:51 +0000},
	Date-Modified = {2014-03-01 19:30:56 +0000},
	Journal = {Educating, Innovating \& Transforming: Educators in IT: Concise paper},
	Title = {The Observer Pattern Revisited},
	Year = {2005}}

@article{evaluatingArchitecture,
	Author = {Clements, Paul and Kazman, Rick and Klein, Mark},
	Date-Added = {2014-03-01 17:15:02 +0000},
	Date-Modified = {2014-03-01 17:15:10 +0000},
	Publisher = {Addison-Wesley Professional},
	Title = {Evaluating Software Architectures: Methods and Case Studies},
	Year = {2002}}

@book{qualityAttributes,
	Author = {Bass, Len and Clements, Paul and Kazman, Rick},
	Date-Added = {2014-02-28 19:28:50 +0000},
	Date-Modified = {2014-02-28 19:28:57 +0000},
	Publisher = {Addison-Wesley Professional},
	Title = {Software architecture in practice},
	Year = {2003}}

@book{fowler,
	Author = {Fowler, Martin},
	Date-Added = {2014-02-23 13:46:47 +0000},
	Date-Modified = {2014-02-23 13:46:52 +0000},
	Publisher = {Addison-Wesley Longman Publishing Co., Inc.},
	Title = {Patterns of enterprise application architecture},
	Year = {2002}}

@article{TDD,
	Author = {Janzen, David S and Saiedian, Hossein},
	Date-Added = {2014-02-22 16:52:43 +0000},
	Date-Modified = {2014-02-22 16:52:48 +0000},
	Journal = {Computer Science and Software Engineering},
	Pages = {33},
	Title = {Test-driven development: Concepts, taxonomy, and future direction},
	Year = {2005}}

@article{agile,
	Author = {Dyb{\aa}, Tore and Dings{\o}yr, Torgeir},
	Date-Added = {2014-02-22 16:03:25 +0000},
	Date-Modified = {2014-02-22 16:03:31 +0000},
	Journal = {Information and software technology},
	Number = {9},
	Pages = {833--859},
	Publisher = {Elsevier},
	Title = {Empirical studies of agile software development: A systematic review},
	Volume = {50},
	Year = {2008}}

@article{microsoft,
	Author = {Cusumano, Michael A and Smith, Stanley A},
	Date-Added = {2014-02-22 15:50:23 +0000},
	Date-Modified = {2014-02-22 15:50:32 +0000},
	Publisher = {Sloan School of Management, Massachusetts Institute of Technology]},
	Title = {Beyond the waterfall: Software development at Microsoft},
	Year = {1995}}

@book{useCases,
	Author = {Cockburn, Alistair},
	Date-Added = {2014-02-17 14:56:23 +0000},
	Date-Modified = {2014-02-17 14:56:27 +0000},
	Publisher = {Pearson Education},
	Title = {Writing effective use cases},
	Year = {2001}}

@incollection{dementia,
	Author = {Buiza, Cristina and Gonzalez, Mari Feli and Facal, David and Martinez, Valeria and Diaz, Unai and Etxaniz, Aitziber and Urdaneta, Elena and Yanguas, Javier},
	Booktitle = {Universal Access in Human-Computer Interaction. Addressing Diversity},
	Date-Added = {2014-02-15 21:00:48 +0000},
	Date-Modified = {2014-02-15 21:00:52 +0000},
	Pages = {324--333},
	Publisher = {Springer},
	Title = {Efficacy of cognitive training experiences in the elderly: Can technology help?},
	Year = {2009}}

@article{faceit,
	Author = {Tanaka, James W and Wolf, Julie M and Klaiman, Cheryl and Koenig, Kathleen and Cockburn, Jeffrey and Herlihy, Lauren and Brown, Carla and Stahl, Sherin and Kaiser, Martha D and Schultz, Robert T},
	Date-Added = {2014-02-15 20:48:54 +0000},
	Date-Modified = {2014-02-15 20:48:57 +0000},
	Journal = {Journal of Child Psychology and Psychiatry},
	Number = {8},
	Pages = {944--952},
	Publisher = {Wiley Online Library},
	Title = {Using computerized games to teach face recognition skills to children with autism spectrum disorder: The Let's Face It! program},
	Volume = {51},
	Year = {2010}}

@inproceedings{supercharged,
	Author = {Squire, Kurt and Barnett, Mike and Grant, Jamillah M and Higginbotham, Thomas},
	Booktitle = {Proceedings of the 6th international conference on Learning sciences},
	Date-Added = {2014-02-15 20:25:01 +0000},
	Date-Modified = {2014-02-15 20:25:06 +0000},
	Organization = {International Society of the Learning Sciences},
	Pages = {513--520},
	Title = {Electromagnetism supercharged!: Learning physics with digital simulation games},
	Year = {2004}}

@inproceedings{stapleton2004,
	Author = {Stapleton, Andrew J},
	Booktitle = {Australian Game Developers`` Conference, Academic Summit, Melbourne},
	Date-Added = {2014-02-15 19:51:37 +0000},
	Date-Modified = {2014-02-15 19:51:41 +0000},
	Title = {Serious games: Serious opportunities},
	Year = {2004}}

@misc{2013GamesData,
	Author = {Entertainment Software Association},
	Date-Added = {2014-02-15 18:43:24 +0000},
	Date-Modified = {2014-02-15 19:57:04 +0000},
	Howpublished = {http://www.theesa.com/facts},
	Keywords = {games data sales},
	Month = {May},
	Title = {2013 Sales, Demographicand Usage Data},
	Year = {2013}}

@misc{screeningTests,
	Author = {Pearson Clinical},
	Date-Added = {2014-02-15 17:52:09 +0000},
	Date-Modified = {2014-04-09 15:27:45 +0000},
	Howpublished = {http://www.pearsonclinical.co.uk/},
	Keywords = {DAST DEST DST},
	Lastchecked = {15th Febuary 2014},
	Month = {Febuary},
	Title = {Dyslexia Screening Tests},
	Year = {2014}}

@article{memory1980,
	Author = {Nelson, Hazel E and Warrington, Elizabeth K},
	Date-Added = {2014-02-14 21:58:47 +0000},
	Date-Modified = {2014-02-14 21:58:54 +0000},
	Journal = {British Journal of Psychology},
	Number = {4},
	Pages = {487--503},
	Publisher = {Wiley Online Library},
	Title = {An investigation of memory functions in dyslexic children},
	Volume = {71},
	Year = {1980}}

@book{wisc,
	Author = {Wechsler, David},
	Date-Added = {2014-02-14 21:25:19 +0000},
	Date-Modified = {2014-02-14 21:25:23 +0000},
	Publisher = {Psychological Corporation},
	Title = {Manual for the Wechsler intelligence scale for children, revised},
	Year = {1974}}

@article{sequential,
	Author = {Helland, Turid and AsbjâŠ˜rnsen, Arve},
	Date-Added = {2014-02-14 19:06:43 +0000},
	Date-Modified = {2014-02-14 19:06:51 +0000},
	Doi = {10.1076/chin.9.3.208.16456},
	Eprint = {http://www.tandfonline.com/doi/pdf/10.1076/chin.9.3.208.16456},
	Journal = {Child Neuropsychology},
	Note = {PMID: 13680410},
	Number = {3},
	Pages = {208-220},
	Title = {Visual-Sequential and Visuo-Spatial Skills in Dyslexia: Variations According to Language Comprehension and Mathematics Skills},
	Url = {http://www.tandfonline.com/doi/abs/10.1076/chin.9.3.208.16456},
	Volume = {9},
	Year = {2003},
	Bdsk-Url-1 = {http://www.tandfonline.com/doi/abs/10.1076/chin.9.3.208.16456},
	Bdsk-Url-2 = {http://dx.doi.org/10.1076/chin.9.3.208.16456}}

@book{cairns2008,
	Author = {Cairns, Paul and Cox, Anna L},
	Date-Added = {2014-02-03 17:14:35 +0000},
	Date-Modified = {2014-02-03 17:14:41 +0000},
	Publisher = {Cambridge University Press},
	Title = {Research methods for human-computer interaction},
	Year = {2008}}

@inproceedings{platform,
	Acmid = {1401858},
	Address = {New York, NY, USA},
	Author = {Smith, Gillian and Cha, Mee and Whitehead, Jim},
	Booktitle = {Proceedings of the 2008 ACM SIGGRAPH Symposium on Video Games},
	Date-Added = {2013-12-30 23:23:55 +0000},
	Date-Modified = {2013-12-30 23:24:03 +0000},
	Doi = {10.1145/1401843.1401858},
	Isbn = {978-1-60558-173-6},
	Keywords = {game analysis, game design, level design, platform games},
	Location = {Los Angeles, California},
	Numpages = {6},
	Pages = {75--80},
	Publisher = {ACM},
	Series = {Sandbox '08},
	Title = {A Framework for Analysis of 2D Platformer Levels},
	Url = {http://doi.acm.org/10.1145/1401843.1401858},
	Year = {2008},
	Bdsk-Url-1 = {http://doi.acm.org/10.1145/1401843.1401858},
	Bdsk-Url-2 = {http://dx.doi.org/10.1145/1401843.1401858}}

@article{cognativeLapses,
	Author = {Smith-Spark, James and Fawcett, Angela and Nicolson, Roderick and Fisk, John},
	Date-Added = {2013-10-16 13:49:33 +0000},
	Date-Modified = {2013-10-16 13:50:27 +0000},
	Journal = {Memory},
	Number = {2},
	Pages = {174--182},
	Publisher = {Taylor \& Francis},
	Title = {Dyslexic students have more everyday cognitive lapses},
	Volume = {12},
	Year = {2004}}

@book{parlett,
	Author = {Parlett, David Sidney},
	Date-Added = {2013-10-13 18:08:46 +0000},
	Date-Modified = {2013-10-13 18:08:50 +0000},
	Publisher = {Oxford University Press Oxford\^{} eUK UK},
	Title = {The Oxford history of board games},
	Volume = {5},
	Year = {1999}}

@book{rulesOfPlay,
	Author = {Salen, Katie},
	Date-Added = {2013-10-12 13:48:14 +0000},
	Date-Modified = {2013-10-12 13:48:21 +0000},
	Publisher = {The MIT Press},
	Title = {Rules of play: Game design fundamentals},
	Year = {2004}}

@book{halfReal,
	Author = {Juul, Jesper},
	Date-Added = {2013-10-12 13:47:17 +0000},
	Date-Modified = {2013-10-12 13:49:56 +0000},
	Publisher = {The MIT press},
	Title = {Half-real: Video games between real rules and fictional worlds},
	Year = {2005}}

@book{artOfGameDesign,
	Author = {Schell, Jesse},
	Date-Added = {2013-10-11 10:10:05 +0000},
	Date-Modified = {2013-10-11 10:10:11 +0000},
	Publisher = {Taylor \& Francis US},
	Title = {The Art of Game Design: A book of lenses},
	Year = {2008}}

@book{geegames,
	Author = {Gee, James Paul},
	Date-Added = {2013-10-08 11:02:54 +0000},
	Date-Modified = {2013-10-08 11:02:59 +0000},
	Publisher = {Peter Lang},
	Title = {Good Video Games Plus Good Learning},
	Volume = {27},
	Year = {2007}}

@misc{colourawareness,
	Author = {Colour Blind Awareness CIC},
	Date-Added = {2013-09-26 14:12:53 +0000},
	Date-Modified = {2013-09-26 14:16:53 +0000},
	Howpublished = {http://www.colourblindawareness.org},
	Keywords = {colour},
	Month = {08},
	Title = {What is Colour Blindness},
	Year = {2013}}

@misc{twomillion,
	Author = {The Learning People},
	Date-Added = {2013-09-26 13:12:59 +0000},
	Date-Modified = {2013-09-26 13:19:24 +0000},
	Keywords = {national opinion poll},
	Lastchecked = {26/09/2013},
	Month = {08},
	Title = {GFK National Opinion Survey 2007},
	Year = {2007}}

@article{figuresceltic,
	Author = {von K{\'a}rolyi, Catya},
	Date-Added = {2013-09-26 12:24:12 +0000},
	Date-Modified = {2013-09-26 12:25:19 +0000},
	Journal = {Journal of learning disabilities},
	Number = {4},
	Pages = {380--391},
	Publisher = {Sage Publications},
	Title = {Visual-Spatial Strength in Dyslexia Rapid Discrimination of Impossible Figures},
	Volume = {34},
	Year = {2001}}

@article{motorskills,
	Author = {Fawcett, Angela J and Nicolson, Roderick I},
	Date-Added = {2013-09-26 11:37:07 +0000},
	Date-Modified = {2013-09-26 11:37:18 +0000},
	Journal = {Journal of Motor Behavior},
	Number = {3},
	Pages = {235--240},
	Publisher = {Taylor \& Francis},
	Title = {Persistent deficits in motor skill of children with dyslexia},
	Volume = {27},
	Year = {1995}}

@article{dast,
	Author = {Bodenham, Debra and Fawcett, AJ and Nicolson, RI},
	Date-Added = {2013-09-25 17:58:42 +0000},
	Date-Modified = {2013-09-25 17:58:48 +0000},
	Journal = {Iournal of the Application of Occupational Psychology to Employment and Disability},
	Number = {2},
	Pages = {51--56},
	Title = {The Dyslexia Adult Screening Test (DAST)},
	Volume = {2},
	Year = {2000}}

@article{manifest,
	Author = {Peer, Lindsay},
	Date-Added = {2013-09-25 16:31:53 +0000},
	Date-Modified = {2013-09-25 16:31:58 +0000},
	Journal = {Dyslexia: Successful inclusion in the secondary school},
	Pages = {1--9},
	Title = {Dyslexia and its manifestations in the secondary school},
	Year = {2001}}

@article{neurobiological,
	Author = {Stein, John},
	Date-Added = {2013-09-25 15:43:22 +0000},
	Date-Modified = {2013-09-25 15:43:42 +0000},
	Journal = {The SAGE Handbook of Dyslexia},
	Pages = {53},
	Publisher = {Sage},
	Title = {The neurobiological basis of dyslexia},
	Year = {2008}}

@article{tosee,
	Author = {Stein, John and Walsh, Vincent},
	Date-Added = {2013-09-25 15:11:59 +0000},
	Date-Modified = {2013-09-25 15:12:03 +0000},
	Journal = {Trends in neurosciences},
	Number = {4},
	Pages = {147--152},
	Publisher = {Elsevier},
	Title = {To see but not to read; the magnocellular theory of dyslexia},
	Volume = {20},
	Year = {1997}}

@book{bartlett,
	Author = {Bartlett, Diana and Moody, Sylvia and Kindersley, Katherine},
	Date-Added = {2013-09-25 14:49:02 +0000},
	Date-Modified = {2013-09-25 14:49:09 +0000},
	Publisher = {John Wiley \& Sons},
	Title = {Dyslexia in the Workplace: An introductory guide},
	Year = {2010}}

@book{snowling,
	Author = {Snowling, Margaret J},
	Date-Added = {2013-09-25 13:51:39 +0000},
	Date-Modified = {2013-09-25 13:51:46 +0000},
	Publisher = {Blackwell Publishing},
	Title = {Dyslexia .},
	Year = {2000}}

@article{behaviour,
	Author = {Gellert, Anna and Elbro, Carsten},
	Date-Added = {2013-09-24 21:54:04 +0000},
	Date-Modified = {2013-09-24 21:54:12 +0000},
	Journal = {Scandinavian Journal of Educational Research},
	Number = {2},
	Pages = {131--155},
	Publisher = {Taylor \& Francis},
	Title = {Reading disabilities, behaviour problems and delinquency: a review},
	Volume = {43},
	Year = {1999}}

@book{managing_at_uni,
	Author = {Jamieson, Claire and Morgan, Ellen},
	Date-Added = {2013-09-24 21:01:09 +0000},
	Date-Modified = {2013-09-24 21:01:18 +0000},
	Publisher = {Psychology Press},
	Title = {Managing dyslexia at university: a resource for students, academic and support staff},
	Year = {2007}}

@article{higher_education_dyslexia,
	Author = {Richardson, JohnT.E. and Wydell, TaekoN.},
	Date-Added = {2013-09-23 21:31:58 +0000},
	Date-Modified = {2013-09-23 21:32:46 +0000},
	Doi = {10.1023/A:1024261927214},
	Issn = {0922-4777},
	Journal = {Reading and Writing},
	Keywords = {Academic attainment; Completion rate; Developmental dyslexia; Higher education},
	Language = {English},
	Number = {5},
	Pages = {475-503},
	Publisher = {Kluwer Academic Publishers},
	Title = {The representation and attainment of students with dyslexia in UK higher education},
	Url = {http://dx.doi.org/10.1023/A%3A1024261927214},
	Volume = {16},
	Year = {2003},
	Bdsk-Url-1 = {http://dx.doi.org/10.1023/A%3A1024261927214},
	Bdsk-Url-2 = {http://dx.doi.org/10.1023/A:1024261927214}}

@article{early_computerised,
	Author = {Brookes, Gaynor and Ng, Veronica and Lim, Boon Hong and Tan, Wah Pheow and Lukito, Natalia},
	Date-Added = {2013-09-23 17:47:46 +0000},
	Date-Modified = {2013-09-23 17:47:55 +0000},
	Journal = {Educational and Child Psychology},
	Number = {2},
	Pages = {33},
	Title = {The computerised-based Lucid Rapid Dyslexia Screening for the identification of children at risk of dyslexia: A Singapore study},
	Volume = {28},
	Year = {2011}}

@article{earlyIntervention,
	Author = {Frank R Vellutino and Donna M Scanlon and Melinda S Tanzman},
	Date-Added = {2013-09-23 17:46:43 +0000},
	Date-Modified = {2013-09-23 17:47:17 +0000},
	Doi = {http://dx.doi.org/10.1016/S0022-4405(98)00019-3},
	Issn = {0022-4405},
	Journal = {Journal of School Psychology},
	Keywords = {Psychometric-exclusionary assessment},
	Number = {4},
	Pages = {367 - 397},
	Title = {The Case for Early Intervention in Diagnosing Specific Reading Disability},
	Url = {http://www.sciencedirect.com/science/article/pii/S0022440598000193},
	Volume = {36},
	Year = {1998},
	Bdsk-Url-1 = {http://www.sciencedirect.com/science/article/pii/S0022440598000193},
	Bdsk-Url-2 = {http://dx.doi.org/10.1016/S0022-4405(98)00019-3}}

@misc{open_dyslexic,
	Author = {Abelardo Gonzalez},
	Date-Added = {2013-09-19 16:29:14 +0000},
	Date-Modified = {2013-09-19 16:31:14 +0000},
	Howpublished = {http://www.opendyslexic.org},
	Keywords = {font},
	Month = {05},
	Title = {Open Dyslexic Typeface},
	Year = {2013}}

@misc{dyslexie,
	Author = {Christian Boer},
	Date-Added = {2013-09-19 16:18:18 +0000},
	Date-Modified = {2013-09-19 16:20:30 +0000},
	Howpublished = {http://www.studiostudio.nl},
	Keywords = {dyslexie font},
	Month = {04},
	Title = {Dyslexie Lettertype},
	Year = {2012}}

@article{dyslexia_higher,
	Author = {Lockley, Sharon},
	Date-Added = {2013-09-19 15:29:02 +0000},
	Date-Modified = {2013-09-19 15:29:30 +0000},
	Journal = {Retrieved October},
	Pages = {2003},
	Title = {Dyslexia and higher education: accessibility issues},
	Volume = {24},
	Year = {2002}}

@misc{bda,
	Author = {The British Dyslexia Association},
	Date-Added = {2013-09-19 15:25:14 +0000},
	Date-Modified = {2013-09-19 16:23:24 +0000},
	Howpublished = {http://www.bdadyslexia.org.uk},
	Keywords = {dyslexia},
	Month = {09},
	Title = {About Dyslexia},
	Year = {2013}}

@article{emotionAndColour,
	Author = {Zentner, Marcel R},
	Journal = {Developmental Science},
	Number = {4},
	Pages = {389--398},
	Publisher = {Wiley Online Library},
	Title = {Preferences for colours and colour--emotion combinations in early childhood},
	Volume = {4},
	Year = {2001}}

@article{expressionOfColours,
	Author = {Zammitto, Veronica},
	Title = {The expressions of colours},
	Year = {2005}}

@article{shadowing,
	Author = {Hu, Helen H and Gooch, Amy A and Creem-Regehr, Sarah H and Thompson, William B},
	Journal = {Presence: Teleoperators and Virtual Environments},
	Number = {6},
	Pages = {652--664},
	Publisher = {MIT Press},
	Title = {Visual cues for perceiving distances from objects to surfaces},
	Volume = {11},
	Year = {2002}}

@misc{colourBlindness,
	Author = {ColourBlindness.com},
	Howpublished = {http://www.colour-blindness.com/general/causes/},
	Keywords = {colour blindness},
	Lastchecked = {18/09/2013},
	Month = {09},
	Title = {Colour Blindness, Information, Identification and Solutions},
	Url = {http://www.colour-blindness.com/general/causes/},
	Urldate = {18/09/2013},
	Year = {2013},
	Bdsk-Url-1 = {http://www.colour-blindness.com/general/causes/}}

@misc{KaraTointon,
	Author = {S.Samant},
	Date-Modified = {2013-10-15 15:36:35 +0000},
	Howpublished = {Television Documentary},
	Month = {November},
	Timestamp = {2013.08.27},
	Title = {Kara Tointon: Don't Call Me Stupid},
	Year = {2011}}

@inproceedings{SmartPhoneSeriousGame,
	Author = {Deponti, D. and Maggiorini, D. and Palazzi, Claudio E.},
	Booktitle = {Serious Games and Applications for Health (SeGAH), 2011 IEEE 1st International Conference on},
	Doi = {10.1109/SeGAH.2011.6165434},
	Keywords = {computer games;health care;medical computing;patient monitoring;patient treatment;smart phones;articulation physiatric rehabilitation;digital feedback;gametherapies generation;healthcare purposes;remote doctor continuous monitoring-interaction;smartphone physiatric serious game;ubiquitous exercises;Computers;Games;Medical treatment;Sensors;Smart phones;Tracking;physiatry;serious game;smartphone;ubiquitous healthcare},
	Pages = {1-8},
	Title = {Smartphone's physiatric serious game},
	Url = {http://www.math.unipd.it/~cpalazzi/papers/Palazzi-Phy-SeGAH11.pdf},
	Year = {2011},
	Bdsk-Url-1 = {http://www.math.unipd.it/~cpalazzi/papers/Palazzi-Phy-SeGAH11.pdf},
	Bdsk-Url-2 = {http://dx.doi.org/10.1109/SeGAH.2011.6165434}}

@article{StrengthsAndWeaknesses,
	Author = {Everatt, John and Weeks, Sally and Brooks, Peter},
	Doi = {10.1002/dys.342},
	Issn = {1099-0909},
	Journal = {Dyslexia},
	Keywords = {special educational needs groups, cognitive assessments, profiles of strengths and weaknesses},
	Number = {1},
	Pages = {16--41},
	Publisher = {John Wiley \& Sons, Ltd.},
	Timestamp = {2013.08.27},
	Title = {Profiles of strengths and weaknesses in dyslexia and other learning difficulties},
	Url = {http://dx.doi.org/10.1002/dys.342},
	Volume = {14},
	Year = {2008},
	Bdsk-Url-1 = {http://dx.doi.org/10.1002/dys.342}}

@article{VisualSpatialAttention,
	Author = {Facoetti, Andrea and Corradi, Nicola and Ruffino, Milena and Gori, Simone and Zorzi, Marco},
	Doi = {10.1002/dys.413},
	Issn = {1099-0909},
	Journal = {Dyslexia},
	Keywords = {reading disorders, visuo-spatial attention, phonological awareness, orthographic processing, parietal cortex},
	Number = {3},
	Pages = {226--239},
	Publisher = {John Wiley \& Sons, Ltd.},
	Title = {Visual spatial attention and speech segmentation are both impaired in preschoolers at familial risk for developmental dyslexia},
	Url = {http://dx.doi.org/10.1002/dys.413},
	Volume = {16},
	Year = {2010},
	Bdsk-Url-1 = {http://dx.doi.org/10.1002/dys.413}}

@article{RoleOfVisualSpatial,
	Author = {Facoetti, A. and Lorusso, M.L. and Paganoni, P. and Umilt{\`a}, C. and Mascetti, G.G.},
	Journal = {Brain Res Cogn Brain Res},
	Number = {2},
	Pages = {154-64},
	Title = {The role of visuospatial attention in developmental dyslexia: evidence from a rehabilitation study.},
	Url = {http://cprg.psy.unipd.it/pdf/FACOETTIetal_03_TheRole_CognBrainRes.pdf},
	Volume = {15},
	Year = {2003},
	Bdsk-Url-1 = {http://cprg.psy.unipd.it/pdf/FACOETTIetal_03_TheRole_CognBrainRes.pdf}}

@article{UncouplingReadingAndIQ,
	Author = {Ferrer, Emilio and Shaywitz, Bennett A and Holahan, John M and Marchione, Karen and Shaywitz, Sally E},
	Journal = {Psychological Science},
	Number = {1},
	Pages = {93--101},
	Publisher = {Sage Publications},
	Title = {Uncoupling of Reading and IQ Over Time Empirical Evidence for a Definition of Dyslexia},
	Url = {http://pss.sagepub.com/content/21/1/93.full.pdf},
	Volume = {21},
	Year = {2010},
	Bdsk-Url-1 = {http://pss.sagepub.com/content/21/1/93.full.pdf}}

@inproceedings{TouchVsMouse,
	Acmid = {1240726},
	Address = {New York, NY, USA},
	Author = {Forlines, Clifton and Wigdor, Daniel and Shen, Chia and Balakrishnan, Ravin},
	Booktitle = {Proceedings of the SIGCHI Conference on Human Factors in Computing Systems},
	Doi = {10.1145/1240624.1240726},
	Isbn = {978-1-59593-593-9},
	Keywords = {bimanual input, direct-touch interfaces, multiple mice, tabletop computing},
	Location = {San Jose, California, USA},
	Numpages = {10},
	Pages = {647--656},
	Publisher = {ACM},
	Series = {CHI '07},
	Title = {Direct-touch vs. mouse input for tabletop displays},
	Url = {http://doi.acm.org/10.1145/1240624.1240726},
	Year = {2007},
	Bdsk-Url-1 = {http://doi.acm.org/10.1145/1240624.1240726},
	Bdsk-Url-2 = {http://dx.doi.org/10.1145/1240624.1240726}}

@article{CasualLink,
	Author = {Sandro Franceschini and Simone Gori and Milena Ruffino and Katia Pedrolli and Andrea Facoetti},
	Doi = {http://dx.doi.org/10.1016/j.cub.2012.03.013},
	Issn = {0960-9822},
	Journal = {Current Biology},
	Number = {9},
	Pages = {814 - 819},
	Timestamp = {2013.08.27},
	Title = {A Causal Link between Visual Spatial Attention and Reading Acquisition},
	Url = {http://www.sciencedirect.com/science/article/pii/S0960982212002709},
	Volume = {22},
	Year = {2012},
	Bdsk-Url-1 = {http://www.sciencedirect.com/science/article/pii/S0960982212002709},
	Bdsk-Url-2 = {http://dx.doi.org/10.1016/j.cub.2012.03.013}}

@inproceedings{SeriousForPredicting,
	Author = {Gaggi, Ombretta and Galiazzo, Giorgia and Palazzi, Claudio and Facoetti, Andrea and Franceschini, Sandro},
	Booktitle = {Computer Communications and Networks (ICCCN), 2012 21st International Conference on},
	Organization = {IEEE},
	Pages = {1--5},
	Title = {A serious game for predicting the risk of developmental dyslexia in pre-readers children},
	Url = {http://localwww.math.unipd.it/~cpalazzi/papers/Palazzi-D-NIME12.pdf},
	Year = {2012},
	Bdsk-Url-1 = {http://localwww.math.unipd.it/~cpalazzi/papers/Palazzi-D-NIME12.pdf}}

@article{OrganisationalSkills,
	Author = {Levin, Bonnie E},
	Date-Modified = {2013-09-25 14:53:43 +0000},
	Journal = {Developmental Neuropsychology},
	Number = {2},
	Pages = {95--110},
	Publisher = {Taylor \& Francis},
	Title = {Organizational deficits in dyslexia: Possible frontal lobe dysfunction},
	Volume = {6},
	Year = {1990}}

@article{locascio2010executive,
	Author = {Locascio, Gianna and Mahone, E Mark and Eason, Sarah H and Cutting, Laurie E},
	Journal = {Journal of Learning Disabilities},
	Number = {5},
	Pages = {441--454},
	Publisher = {Sage Publications},
	Title = {Executive dysfunction among children with reading comprehension deficits},
	Url = {http://onlinelibrary.wiley.com.ezproxy.york.ac.uk/doi/10.1002/dys.289/pdf},
	Volume = {43},
	Year = {2010},
	Bdsk-Url-1 = {http://onlinelibrary.wiley.com.ezproxy.york.ac.uk/doi/10.1002/dys.289/pdf}}

@article{EarlyIdentification,
	Author = {Lyytinen, Heikki and Ronimus, Miia and Alanko, Anne and Poikkeus, Anna-Maija and Taanila, Maria},
	Doi = {10.1027/1901-2276.59.2.109},
	Journal = {Nordic Psychology},
	Number = {2},
	Pages = {109-126},
	Title = {Early identification of dyslexia and the use of computer game-based practice to support reading acquisition},
	Url = {http://ovidsp.tx.ovid.com.ezproxy.york.ac.uk/sp-3.9.1a/ovidweb.cgi?WebLinkFrameset=1&S=AFBEFPMHNKDDDOKONCNKGDDCNMHBAA00&returnUrl=ovidweb.cgi%3f%26Full%2bText%3dL%257cS.sh.25.26%257c0%257c01354932-200759020-00001%26S%3dAFBEFPMHNKDDDOKONCNKGDDCNMHBAA00&directlink=http%3a%2f%2fgraphics.tx.ovid.com%2fovftpdfs%2fFPDDNCDCGDKONK00%2ffs047%2fovft%2flive%2fgv024%2f01354932%2f01354932-200759020-00001.pdf&filename=Early+identification+of+dyslexia+and+the+use+of+computer+game-based+practice+to+support+reading+acquisition.&pdf_key=FPDDNCDCGDKONK00&pdf_index=/fs047/ovft/live/gv024/01354932/01354932-200759020-00001},
	Volume = {59},
	Year = {2007},
	Bdsk-Url-1 = {http://ovidsp.tx.ovid.com.ezproxy.york.ac.uk/sp-3.9.1a/ovidweb.cgi?WebLinkFrameset=1&S=AFBEFPMHNKDDDOKONCNKGDDCNMHBAA00&returnUrl=ovidweb.cgi%3f%26Full%2bText%3dL%257cS.sh.25.26%257c0%257c01354932-200759020-00001%26S%3dAFBEFPMHNKDDDOKONCNKGDDCNMHBAA00&directlink=http%3a%2f%2fgraphics.tx.ovid.com%2fovftpdfs%2fFPDDNCDCGDKONK00%2ffs047%2fovft%2flive%2fgv024%2f01354932%2f01354932-200759020-00001.pdf&filename=Early+identification+of+dyslexia+and+the+use+of+computer+game-based+practice+to+support+reading+acquisition.&pdf_key=FPDDNCDCGDKONK00&pdf_index=/fs047/ovft/live/gv024/01354932/01354932-200759020-00001},
	Bdsk-Url-2 = {http://dx.doi.org/10.1027/1901-2276.59.2.109}}

@misc{Nhs,
	Author = {NHS-Choices},
	Date-Modified = {2013-09-25 15:52:38 +0000},
	Howpublished = {http://www.nhs.uk/conditions/dyslexia},
	Language = {English},
	Month = {March},
	Note = {(Accessed 27th August 2013)},
	Organization = {NHS},
	Timestamp = {2013.08.27},
	Title = {Dyslexia},
	Url = {http://www.nhs.uk/conditions/dyslexia/Pages/Introduction.aspx},
	Year = {2012},
	Bdsk-Url-1 = {http://www.nhs.uk/conditions/dyslexia/Pages/Introduction.aspx}}

@book{DetectAndManage,
	Author = {Ott, Philomena},
	Date-Modified = {2013-10-12 14:04:51 +0000},
	Publisher = {Heinemann},
	Title = {How to detect and manage dyslexia: A reference and resource manual},
	Year = {1997},
	Bdsk-Url-1 = {http://books.google.co.uk/books?hl=en&lr=&id=yNsybi_znAkC&oi=fnd&pg=PT8&dq=How+to+Detect+and+Manage+Dyslexia:+A+Reference+and+Resource+Manual&ots=djESQlzYEp&sig=UYX46RnFQOVBwW1qMclkU1vH-cc}}

@inproceedings{Dyseggxia,
	Author = {Rello, Luz and Bayarri, Clara and Gorriz, Azuki},
	Booktitle = {Proceedings of the 14th international ACM SIGACCESS conference on Computers and accessibility},
	Organization = {ACM},
	Pages = {219--220},
	Title = {What is wrong with this word? Dyseggxia: a game for children with dyslexia},
	Year = {2012}}

@article{RoseReview,
	Author = {Rose, Jim},
	Publisher = {Department for Children, Schools and Families},
	Title = {Identifying and teaching children and young people with dyslexia and literacy difficulties: an independent report},
	Url = {http://dera.ioe.ac.uk/14790/1/00659-2009DOM-EN.pdf},
	Year = {2009},
	Bdsk-Url-1 = {http://dera.ioe.ac.uk/14790/1/00659-2009DOM-EN.pdf}}

@article{stegeserious,
	Author = {Stege, Linda and van Lankveld, Giel and Spronck, Pieter},
	Date-Modified = {2014-02-15 18:13:11 +0000},
	Journal = {International Journal of Computer Science in Sport},
	Title = {Serious Games in Education},
	Url = {http://ticc.uvt.nl/~pspronck/pubs/StegeGameDays2011.pdf},
	Volume = {10/2011/Edition 1},
	Year = {2011},
	Bdsk-Url-1 = {http://ticc.uvt.nl/~pspronck/pubs/StegeGameDays2011.pdf}}

@article{SeriousOverview,
	Author = {Susi, Tarja and Johannesson, Mikael and Backlund, Per},
	Publisher = {Institutionen f{\"o}r kommunikation och information},
	Title = {Serious games: An overview},
	Url = {http://his.diva-portal.org/smash/get/diva2:2416/FULLTEXT01},
	Year = {2007},
	Bdsk-Url-1 = {http://his.diva-portal.org/smash/get/diva2:2416/FULLTEXT01}}

@article{developmentalStudy,
	Author = {Shankweiler, Donald},
	Journal = {Neuropsychologia},
	Number = {4},
	Pages = {267--286},
	Publisher = {Elsevier},
	Title = {A study of developmental dyslexia},
	Volume = {1},
	Year = {1964}}

@article{dastTest,
	Author = {Nicolson, Roderick I and Fawcett, Angela J},
	Journal = {Journal of Research in Reading},
	Number = {1},
	Pages = {77--83},
	Publisher = {Wiley Online Library},
	Title = {Development of objective procedures for screening and assessment of dyslexic students in higher education},
	Volume = {20},
	Year = {1997}}

@article{dstTest,
	Author = {Fawcett, AJ and Nicolson, RI},
	Journal = {London: The Psychological Corporation},
	Title = {The dyslexia screening test},
	Year = {1996}}

@article{DeficitInVisuoNotPhono,
	Author = {Vidyasagar, Trichur R and Pammer, Kristen},
	Journal = {Trends in cognitive sciences},
	Number = {2},
	Pages = {57--63},
	Publisher = {Elsevier},
	Title = {Dyslexia: a deficit in visuo-spatial attention, not in phonological processing},
	Url = {http://lynnhellerstein.com/wp-content/uploads/2013/03/Dyslexia-spatial-atten-not-phonol-process.pdf},
	Volume = {14},
	Year = {2010},
	Bdsk-Url-1 = {http://lynnhellerstein.com/wp-content/uploads/2013/03/Dyslexia-spatial-atten-not-phonol-process.pdf}}
